@article{vuln_stat,
	title={25+ cyber security vulnerability statistics and facts of 2022},
	author={Aimee O'Driscoll},
	year={2022},
	publisher={camparitech}
}

@article{method,
	title={Introduction and fuzzing 101,  https://www.youtube.com/watch?v=7AdzrXbUew0},
	author={Sergej Dechand},
	year={2020},
	publisher={CodeIntelligence}
}

